<?xml version="1.0" encoding="UTF-8"?>
<marc:collection xmlns:marc="http://www.loc.gov/MARC21/slim" xmlns:xsi="http://www.w3.org/2001/XMLSchema-instance" xsi:schemaLocation="http://www.loc.gov/MARC21/slim http://www.loc.gov/standards/marcxml/schema/MARC21slim.xsd">
   <marc:record type="Bibliographic">
      <marc:leader>01772cam a2200409   4500</marc:leader>
      <marc:controlfield tag="001">3982307</marc:controlfield>
      <marc:controlfield tag="003">NjP</marc:controlfield>
      <marc:controlfield tag="005">20160407094003.0</marc:controlfield>
      <marc:controlfield tag="008">781211m19291933tu            000 0 ara d</marc:controlfield>
      <marc:datafield tag="024" ind1="7" ind2=" ">
         <marc:subfield code="a">princeton_aco000759</marc:subfield>
         <marc:subfield code="2">local</marc:subfield>
      </marc:datafield>
      <marc:datafield tag="035" ind1=" " ind2=" ">
         <marc:subfield code="a">(OCoLC)ocn179132937</marc:subfield>
      </marc:datafield>
      <marc:datafield tag="035" ind1=" " ind2=" ">
         <marc:subfield code="a">(OCoLC)04442179</marc:subfield>
      </marc:datafield>
      <marc:datafield tag="035" ind1=" " ind2=" ">
         <marc:subfield code="a">(OCoLC)179132937</marc:subfield>
      </marc:datafield>
      <marc:datafield tag="035" ind1=" " ind2=" ">
         <marc:subfield code="a">(MH)MHAUE85354HU</marc:subfield>
      </marc:datafield>
      <marc:datafield tag="035" ind1=" " ind2=" ">
         <marc:subfield code="a">(CStRLIN)MAHGAUE85354-B</marc:subfield>
      </marc:datafield>
      <marc:datafield tag="035" ind1=" " ind2=" ">
         <marc:subfield code="a">(NjP)3982307</marc:subfield>
      </marc:datafield>
      <marc:datafield tag="040" ind1=" " ind2=" ">
         <marc:subfield code="a">OCl</marc:subfield>
         <marc:subfield code="c">PUL</marc:subfield>
         <marc:subfield code="d">PUL</marc:subfield>
      </marc:datafield>
      <marc:datafield tag="049" ind1=" " ind2=" ">
         <marc:subfield code="a">PULL</marc:subfield>
      </marc:datafield>
      <marc:datafield tag="079" ind1=" " ind2=" ">
         <marc:subfield code="a">ocm79558989</marc:subfield>
         <marc:subfield code="z">ocm04442179</marc:subfield>
      </marc:datafield>
      <marc:datafield tag="100" ind1="1" ind2=" ">
         <marc:subfield code="6">880-01</marc:subfield>
         <marc:subfield code="a">Ashʻarī, Abū al-Ḥasan ʻAlī ibn Ismāʻīl,</marc:subfield>
         <marc:subfield code="d">873?-935?</marc:subfield>
      </marc:datafield>
      <marc:datafield tag="245" ind1="0" ind2="4">
         <marc:subfield code="a">Die dogmatischen Lehren der Anhänger des Islam;</marc:subfield>
         <marc:subfield code="c">hrsg. von H. Ritter.</marc:subfield>
      </marc:datafield>
      <marc:datafield tag="246" ind1="3" ind2=" ">
         <marc:subfield code="6">880-02</marc:subfield>
         <marc:subfield code="a">Maqālāt al-Islāmiyīn wa-ikhtilāf al-muṣallīn</marc:subfield>
      </marc:datafield>
      <marc:datafield tag="260" ind1=" " ind2=" ">
         <marc:subfield code="a">Istanbul,</marc:subfield>
         <marc:subfield code="b">Devlet Matbaasi,</marc:subfield>
         <marc:subfield code="c">1929-1933.</marc:subfield>
      </marc:datafield>
      <marc:datafield tag="300" ind1=" " ind2=" ">
         <marc:subfield code="a">3 v. ;</marc:subfield>
         <marc:subfield code="c">25 cm.</marc:subfield>
      </marc:datafield>
      <marc:datafield tag="490" ind1="1" ind2=" ">
         <marc:subfield code="a">Bibliotheca islamica,</marc:subfield>
         <marc:subfield code="v">v. 1</marc:subfield>
      </marc:datafield>
      <marc:datafield tag="500" ind1=" " ind2=" ">
         <marc:subfield code="a">Arabic text.</marc:subfield>
      </marc:datafield>
      <marc:datafield tag="500" ind1=" " ind2=" ">
         <marc:subfield code="a">Pt. 3: Namenindex.</marc:subfield>
      </marc:datafield>
      <marc:datafield tag="500" ind1=" " ind2=" ">
         <marc:subfield code="a">Pt. 2-3: Imprint varies.</marc:subfield>
      </marc:datafield>
      <marc:datafield tag="700" ind1="1" ind2=" ">
         <marc:subfield code="a">Ritter, Hellmut,</marc:subfield>
         <marc:subfield code="d">1892-1971,</marc:subfield>
         <marc:subfield code="e">editor.</marc:subfield>
      </marc:datafield>
      <marc:datafield tag="700" ind1="1" ind2="2">
         <marc:subfield code="6">880-03</marc:subfield>
         <marc:subfield code="a">Ashʻarī, Abū al-Ḥasan ʻAlī ibn Ismāʻīl,</marc:subfield>
         <marc:subfield code="d">873?-935?</marc:subfield>
         <marc:subfield code="t">Maqālāt al-Islāmiyīn wa-ikhtilāf al-muṣallīn.</marc:subfield>
         <marc:subfield code="f">1929.</marc:subfield>
      </marc:datafield>
      <marc:datafield tag="830" ind1=" " ind2="0">
         <marc:subfield code="6">880-04</marc:subfield>
         <marc:subfield code="a">Nasharāt al-Islāmīyah ;</marc:subfield>
         <marc:subfield code="v">juzʼ 1.</marc:subfield>
      </marc:datafield>
      <marc:datafield tag="880" ind1="1" ind2=" ">
         <marc:subfield code="6">100-01/r</marc:subfield>
         <marc:subfield code="a">اشعري، ابو الحسن علي بن اسماعيل،</marc:subfield>
         <marc:subfield code="d">873؟935؟</marc:subfield>
      </marc:datafield>
      <marc:datafield tag="880" ind1="3" ind2=" ">
         <marc:subfield code="6">246-02/r</marc:subfield>
         <marc:subfield code="a">مقالات الاسلاميين واختلاف المصلين</marc:subfield>
      </marc:datafield>
      <marc:datafield tag="880" ind1="1" ind2="2">
         <marc:subfield code="6">700-03/r</marc:subfield>
         <marc:subfield code="a">اشعري، ابو الحسن علي بن اسماعيل،</marc:subfield>
         <marc:subfield code="d">873؟935؟</marc:subfield>
         <marc:subfield code="t">مقالات الاسلاميين واختلاف المصلين.</marc:subfield>
         <marc:subfield code="f">1929.</marc:subfield>
      </marc:datafield>
      <marc:datafield tag="880" ind1=" " ind2="0">
         <marc:subfield code="6">830-04/r</marc:subfield>
         <marc:subfield code="a">نشرات الاسلامية ؛</marc:subfield>
         <marc:subfield code="v">جزء 1.</marc:subfield>
      </marc:datafield>
      <marc:datafield tag="852" ind1="0" ind2=" ">
         <marc:subfield code="b">nec</marc:subfield>
         <marc:subfield code="h">BP1</marc:subfield>
         <marc:subfield code="i">.B535 v.1</marc:subfield>
         <marc:subfield code="p">4270684</marc:subfield>
         <marc:subfield code="x">reclassed from: 2200.178 vol. 1</marc:subfield>
      </marc:datafield>
      <marc:datafield tag="998" ind1=" " ind2=" ">
         <marc:subfield code="s">9115</marc:subfield>
      </marc:datafield>
      <marc:datafield tag="994" ind1=" " ind2=" ">
         <marc:subfield code="a">C0</marc:subfield>
         <marc:subfield code="b">PUL</marc:subfield>
      </marc:datafield>
      <marc:datafield tag="999" ind1=" " ind2=" ">
         <marc:subfield code="a">3982307</marc:subfield>
      </marc:datafield>
   </marc:record>
</marc:collection>
